<record><leader>00000cas a22000007a 4500</leader><controlfield tag="001">21616740</controlfield><controlfield tag="008">900529c19899999coudn ne      0   a0eng d</controlfield><datafield ind1=" " ind2=" " tag="010"><subfield code="a">sn 90051339 </subfield></datafield><datafield ind1=" " ind2=" " tag="040"><subfield code="a">CNQ</subfield><subfield code="b">eng</subfield><subfield code="c">CNQ</subfield><subfield code="d">NSD</subfield><subfield code="d">OCLCQ</subfield></datafield><datafield ind1=" " ind2=" " tag="012"><subfield code="m">1</subfield></datafield><datafield ind1="1" ind2=" " tag="022"><subfield code="a">1054-3457</subfield><subfield code="l">1054-3457</subfield><subfield code="2">1</subfield></datafield><datafield ind1=" " ind2=" " tag="032"><subfield code="a">088560</subfield><subfield code="b">USPS</subfield></datafield><datafield ind1=" " ind2=" " tag="037"><subfield code="b">Daily Record, 523 Main St., Box 2020, Canon City, CO 81215-2020</subfield></datafield><datafield ind1=" " ind2=" " tag="042"><subfield code="a">msc</subfield><subfield code="a">nsdp</subfield></datafield><datafield ind1="0" ind2=" " tag="130"><subfield code="a">Daily record (Canon City, Colo. : 1989)</subfield></datafield><datafield ind1=" " ind2="0" tag="222"><subfield code="a">Daily record</subfield><subfield code="b">(1989)</subfield></datafield><datafield ind1="1" ind2="0" tag="245"><subfield code="a">Daily record.</subfield></datafield><datafield ind1="1" ind2="7" tag="246"><subfield code="a">Canon City, Colorado, daily record</subfield></datafield><datafield ind1=" " ind2=" " tag="260"><subfield code="a">Canon City, Colo. :</subfield><subfield code="b">Royal Gorge Pub. Corp.</subfield></datafield><datafield ind1=" " ind2=" " tag="300"><subfield code="a">v.</subfield></datafield><datafield ind1=" " ind2=" " tag="310"><subfield code="a">Daily (except Sun.)</subfield></datafield><datafield ind1="0" ind2=" " tag="362"><subfield code="a">115th year, no. 160 (July 6, 1989)-</subfield></datafield><datafield ind1=" " ind2=" " tag="530"><subfield code="a">Available on microfilm from the Colorado Historical Society.</subfield></datafield><datafield ind1=" " ind2=" " tag="588"><subfield code="a">Latest issue consulted: 116th year, no. 263 (Nov. 6, 1990).</subfield></datafield><datafield ind1=" " ind2=" " tag="752"><subfield code="a">United States</subfield><subfield code="b">Colorado</subfield><subfield code="c">Fremont</subfield><subfield code="d">Canon City.</subfield></datafield><datafield ind1="0" ind2="0" tag="780"><subfield code="t">Canon City daily record</subfield><subfield code="w">(DLC)sn 85067312</subfield></datafield></record>